%Exempel:
@article{ahu61,
       author={Arrow, Kenneth J. and Leonid Hurwicz and Hirofumi Uzawa},
       title={Constraint qualifications in maximization problems},
       journal={Naval Research Logistics Quarterly},
       volume={8},
       year = 1961,
       pages = {175-191}
     }
@online{BBC,
  author = {Dave Lee Technology reporter, BBC News},
  title = {Global internet slows after 'biggest attack in history'},
  year = 2013,
  url = {http://www.bbc.co.uk/news/technology-21954636},
  urldate = {2013-04-06}
}

@INPROCEEDINGS{dworkandnaor,
    author = {Cynthia Dwork and Andrew Goldberg and Moni Naor},
    title = {On Memory-Bound Functions for Fighting Spam},
    booktitle = {In Crypto},
    year = {2002},
    pages = {426--444},
    publisher = {Springer-Verlag}
}
@MISC{laurieandclayton,
    author = {Ben Laurie and Richard Clayton},
    title = {``Proof of Work'' proves not to work},
    year = {2004}
}
@candthesis{subpuzzles,
    author = {Henriques, Fredrik and Nordmark, Niklas},
    title = {Proof of Work},
    year = {2011}
}
     
